% Example bibtex file for ISMIR Template

@inproceedings{humphrey2015four,
  title={Four Timely Insights on Automatic Chord Estimation.},
  author={Humphrey, Eric J and Bello, Juan Pablo},
  booktitle={ISMIR},
  pages={673--679},
  year={2015}
}

@article{kingma2014adam,
  title={Adam: A method for stochastic optimization},
  author={Kingma, Diederik and Ba, Jimmy},
  journal={arXiv preprint arXiv:1412.6980},
  year={2014}
}

@misc{librosa050,
  author       = {McFee, Brian and
                  McVicar, Matt and
                  Nieto, Oriol and
                  Balke, Stefan and
                  Thome, Carl and
                  Liang, Dawen and
                  Battenberg, Eric and
                  Moore, Josh and
                  Bittner, Rachel and
                  Yamamoto, Ryuichi and
                  Ellis, Dan and
                  Stoter, Fabian-Robert and
                  Repetto, Douglas and
                  Waloschek, Simon and
                  Carr, CJ and
                  Kranzler, Seth and
                  Choi, Keunwoo and
                  Viktorin, Petr and
                  Santos, Joao Felipe and
                  Holovaty, Adrian and
                  Pimenta, Waldir and
                  Lee, Hojin},
  title        = {librosa 0.5.0},
  month        = feb,
  year         = 2017,
  doi          = {10.5281/zenodo.293021},
  url          = {https://doi.org/10.5281/zenodo.293021}
}

@misc{chollet2015keras,
  title={Keras},
  author={Chollet, Fran\c{c}ois},
  year={2015},
  publisher={GitHub},
  howpublished={\url{https://github.com/fchollet/keras}},
}

@misc{tensorflow2015-whitepaper,
title={ {TensorFlow}: Large-Scale Machine Learning on Heterogeneous Systems},
url={http://tensorflow.org/},
note={Software available from tensorflow.org},
author={
    Mart\'{\i}n~Abadi and
    Ashish~Agarwal and
    Paul~Barham and
    Eugene~Brevdo and
    Zhifeng~Chen and
    Craig~Citro and
    Greg~S.~Corrado and
    Andy~Davis and
    Jeffrey~Dean and
    Matthieu~Devin and
    Sanjay~Ghemawat and
    Ian~Goodfellow and
    Andrew~Harp and
    Geoffrey~Irving and
    Michael~Isard and
    Yangqing Jia and
    Rafal~Jozefowicz and
    Lukasz~Kaiser and
    Manjunath~Kudlur and
    Josh~Levenberg and
    Dan~Man\'{e} and
    Rajat~Monga and
    Sherry~Moore and
    Derek~Murray and
    Chris~Olah and
    Mike~Schuster and
    Jonathon~Shlens and
    Benoit~Steiner and
    Ilya~Sutskever and
    Kunal~Talwar and
    Paul~Tucker and
    Vincent~Vanhoucke and
    Vijay~Vasudevan and
    Fernanda~Vi\'{e}gas and
    Oriol~Vinyals and
    Pete~Warden and
    Martin~Wattenberg and
    Martin~Wicke and
    Yuan~Yu and
    Xiaoqiang~Zheng},
  year={2015},
}

@inproceedings{ioffe2015batch,
  title={Batch Normalization: Accelerating Deep Network Training by Reducing Internal Covariate Shift},
  author={Ioffe, Sergey and Szegedy, Christian},
  booktitle={Proceedings of the 32nd International Conference on Machine Learning (ICML-15)},
  pages={448--456},
  year={2015}
}

@article{chung2014empirical,
  title={Empirical evaluation of gated recurrent neural networks on sequence modeling},
  author={Chung, Junyoung and Gulcehre, Caglar and Cho, KyungHyun and Bengio, Yoshua},
  journal={arXiv preprint arXiv:1412.3555},
  year={2014}
}

@inproceedings{raffel2014mir_eval,
  title={mir\_eval: A transparent implementation of common MIR metrics},
  author={Raffel, Colin and McFee, Brian and Humphrey, Eric J and Salamon, Justin and Nieto, Oriol and Liang, Dawen and Ellis, Daniel PW and Raffel, C Colin},
  booktitle={In Proceedings of the 15th International Society for Music Information Retrieval Conference, ISMIR},
  year={2014},
  organization={Citeseer}
}

@inproceedings{mcfee2015software,
  title={A Software Framework for Musical Data Augmentation.},
  author={McFee, Brian and Humphrey, Eric J and Bello, Juan Pablo},
  booktitle={ISMIR},
  pages={248--254},
  year={2015}
}

@article{ni2012end,
  title={An end-to-end machine learning system for harmonic analysis of music},
  author={Ni, Yizhao and McVicar, Matt and Santos-Rodriguez, Raul and De Bie, Tijl},
  journal={IEEE Transactions on Audio, Speech, and Language Processing},
  volume={20},
  number={6},
  pages={1771--1783},
  year={2012},
  publisher={IEEE}
}

@phdthesis{cho2014improved,
  title={Improved techniques for automatic chord recognition from music audio signals},
  author={Cho, Taemin},
  year={2014},
  school={New York University}
}

@inproceedings{korzeniowski2016feature,
  title={Feature learning for chord recognition: the deep chroma extractor},
  author={Korzeniowski, Filip and Widmer, Gerhard},
  booktitle={In Proceedings of the 17th International Society for Music Information Retrieval Conference, ISMIR},
  year={2016}
}
